@book{reeves2017dream,
  title={Dream Hoarders: How the American Upper Middle Class Is Leaving Everyone Else in the Dust, Why That Is a Problem, and What to Do about It},
  author={Reeves, Richard V},
  year={2017},
  publisher={Brookings Institution Press}
}

@article{lee2009trends,
  title={Trends in intergenerational income mobility},
  author={Lee, Chul-In and Solon, Gary},
  journal={The Review of Economics and Statistics},
  volume={91},
  number={4},
  pages={766--772},
  year={2009},
  publisher={MIT Press}
}

@article{chetty2014united,
  title={Is the United States still a land of opportunity? Recent trends in intergenerational mobility},
  author={Chetty, Raj and Hendren, Nathaniel and Kline, Patrick and Saez, Emmanuel and Turner, Nicholas},
  journal={The American Economic Review},
  volume={104},
  number={5},
  pages={141--147},
  year={2014},
  publisher={American Economic Association}
}

@article{Mazumder2014,
  title={Blackâ€“White Differences in Intergenerational Economic Mobility in the United States},
  author={Mazumder, Bhashkar},
  journal={Economic Perspectives},
  volume={38},
  number={1},
  year={2014},
  publisher={American Economic Association}
  URL = "https://ssrn.com/abstract=2434178"
}

@article{solon1992intergenerational,
  title={Intergenerational income mobility in the United States},
  author={Solon, Gary},
  journal={The American Economic Review},
  pages={393--408},
  year={1992},
  publisher={JSTOR}
}

@article{truslow1938epic,
  title={The epic of America},
  author={Truslow, Adams James},
  year={1938},
  publisher={Garden City Books, Garden City, NY}
}

@article{corak2013income,
  title={Income inequality, equality of opportunity, and intergenerational mobility},
  author={Corak, Miles},
  journal={The Journal of Economic Perspectives},
  volume={27},
  number={3},
  pages={79--102},
  year={2013},
  publisher={American Economic Association}
}

@article{chetty2014land,
  title={Where is the land of opportunity? The geography of intergenerational mobility in the United States},
  author={Chetty, Raj and Hendren, Nathaniel and Kline, Patrick and Saez, Emmanuel},
  journal={The Quarterly Journal of Economics},
  volume={129},
  number={4},
  pages={1553--1623},
  year={2014},
  publisher={Oxford University Press}
}

@article{van2001three,
  title={Three meanings of intergenerational mobility},
  author={Van de Gaer, Dirk and Schokkaert, Erik and Martinez, Michel},
  journal={Economica},
  volume={68},
  number={272},
  pages={519--538},
  year={2001},
  publisher={Wiley Online Library}
}

@article{shorrocks1978measurement,
  title={The measurement of mobility},
  author={Shorrocks, Anthony F},
  journal={Econometrica: Journal of the Econometric Society},
  pages={1013--1024},
  year={1978},
  publisher={JSTOR}
}

@article{eide1999factors,
  title={Factors affecting the transmission of earnings across generations: A quantile regression approach},
  author={Eide, Eric R and Showalter, Mark H},
  journal={Journal of Human Resources},
  pages={253--267},
  year={1999},
  publisher={JSTOR}
}

@article{blanden2005intergenerational,
  title={Intergenerational mobility in europe and north america},
  author={Blanden, Joe and Gregg, Paul and Machin, Stephen},
  journal={Report supported by the Sutton Trust, Centre for Economic Performance, London School of Economics},
  year={2005}
}

@article{sawhill2008trends,
  title={Trends in intergenerational mobility},
  author={Sawhill, Isabel V},
  journal={Economic Mobility Project (Washington DC: Brookings Institution, 2007)},
  year={2008}
}

@article{bhattacharya2011nonparametric,
  title={A nonparametric analysis of black--white differences in intergenerational income mobility in the United States},
  author={Bhattacharya, Debopam and Mazumder, Bhashkar},
  journal={Quantitative Economics},
  volume={2},
  number={3},
  pages={335--379},
  year={2011},
  publisher={Wiley Online Library}
}

@article{chetty2017fading,
  title={The fading American dream: Trends in absolute income mobility since 1940},
  author={Chetty, Raj and Grusky, David and Hell, Maximilian and Hendren, Nathaniel and Manduca, Robert and Narang, Jimmy},
  journal={Science},
  volume={356},
  number={6336},
  pages={398--406},
  year={2017},
  publisher={American Association for the Advancement of Science}
}

@article{chetty2017fading,
  title={The fading American dream: Trends in absolute income mobility since 1940},
  author={Chetty, Raj and Grusky, David and Hell, Maximilian and Hendren, Nathaniel and Manduca, Robert and Narang, Jimmy},
  journal={Science},
  volume={356},
  number={6336},
  pages={398--406},
  year={2017},
  publisher={American Association for the Advancement of Science}
}

@techreport{NBERw20065,
 title = "Declining Migration within the U.S.: The Role of the Labor Market",
 author = "Raven Molloy and Christopher L. Smith and Abigail K. Wozniak",
 institution = "National Bureau of Economic Research",
 type = "Working Paper",
 series = "Working Paper Series",
 number = "20065",
 year = "2014",
 month = "April",
 doi = {10.3386/w20065},
 URL = "http://www.nber.org/papers/w20065"
 }
 
 @book{reich2017racial,
  title={Racial inequality: A political-economic analysis},
  author={Reich, Michael},
  year={2017},
  publisher={Princeton University Press}
}

@book{piketty2017capital,
  title={Capital in the twenty-first century},
  author={Piketty, Thomas},
  year={2014},
  publisher={Harvard University Press}
}

@article{krueger2012rise,
  title={The rise and consequences of inequality},
  author={Krueger, Alan},
  journal={Presentation made to the Center for American Progress, January 12th. Available at http://www. americanprogress. org/events/2012/01/12/17181/the-rise-and-consequences-of-inequality},
  year={2012}
}

@article{nichols2009detailed,
  title={A Detailed Picture of Intergenerational Transmission of Human Capital.},
  author={Nichols, Austin and Favreault, Melissa},
  journal={Urban Institute (NJ1)},
  year={2009},
  publisher={ERIC}
}

@techreport{black2010recent,
  title={Recent developments in intergenerational mobility},
  author={Black, Sandra E and Devereux, Paul J},
  year={2010},
  institution={National Bureau of Economic Research}
}

@article{bohlmark2006life,
  title={Life-cycle variations in the association between current and lifetime income: replication and extension for Sweden},
  author={B{\"o}hlmark, Anders and Lindquist, Matthew J},
  journal={Journal of Labor Economics},
  volume={24},
  number={4},
  pages={879--896},
  year={2006},
  publisher={The University of Chicago Press}
}
 
 
 @article{Haider2007,
  title={Life-Cycle Variation in the Association between Current and Lifetime Earnings},
  author={Haider, Steven, and Gary Solon},
  journal={American Economic Review},
  volume={96},
  number={4},
  pages={1308-1320},
  year={2006},
  publisher={American Economic Association}
}

@book{dahl2008association,
  title={The association between children's earnings and fathers' lifetime earnings: estimates using administrative data},
  author={Dahl, Molly W and DeLeire, Thomas},
  year={2008},
  publisher={University of Wisconsin-Madison, Institute for Research on Poverty}
}

@article{corak2014comparison,
  title={A comparison of upward and downward intergenerational mobility in Canada, Sweden and the United States},
  author={Corak, Miles and Lindquist, Matthew J and Mazumder, Bhashkar},
  journal={Labour Economics},
  volume={30},
  pages={185--200},
  year={2014},
  publisher={Elsevier}
}

@article{solon1999intergenerational,
  title={Intergenerational mobility in the labor market},
  author={Solon, Gary},
  journal={Handbook of labor economics},
  volume={3},
  pages={1761--1800},
  year={1999},
  publisher={Elsevier}
}

@article{zimmerman1992regression,
  title={Regression toward mediocrity in economic stature},
  author={Zimmerman, David J},
  journal={The American Economic Review},
  pages={409--429},
  year={1992},
  publisher={JSTOR}
}

@article{solon2004model,
  title={A model of intergenerational mobility variation over time and place},
  author={Solon, Gary},
  journal={Generational income mobility in North America and Europe},
  pages={38--47},
  year={2004},
  publisher={Cambridge University Press, Cambridge}
}

@misc{jeffrey, 
	title={How Two Economists Got Direct Access to IRS Tax Records}, 
  url={http://www.sciencemag.org/news/2014/05/how-two-economists-got-direct-access-irs-tax-records}, 
  journal={Science | AAAS}, 
  author={Jeffrey Mervis}, 
  year={2016}, 
  month={Jan}}